@book{guerin_benchmark_2009,
  title = {A Benchmark Study of Computer Codes for System Analysis of the Nuclear Fuel Cycle},
  volume = {{MIT-NFC-TR-105}},
  author = {Gu√©rin, Laurent},
  year = {2009}
},

@misc{ptc_mathcad_2010,
  title = {{PTC} Mathcad Engineering Calculations Software},
  url = {http://www.ptc.com/product/mathcad/},
  howpublished = {http://www.ptc.com/product/mathcad/},
  year = {2010}
},

@article{gaski_sinda_1987,
  title = {{SINDA} System Improved Numerical Differencing Analyzer, vers 1.315 from Network Analysis Associate},
  journal = {Fountain Valley, CA},
  author = {Gaski, J.},
  year = {1987}
},

@inproceedings{greenberg_application_2012,
  address = {Phoenix, {AZ}},
  title = {Application of Analytical Heat Transfer Models of {Multi-Layered} Natural and Engineered Barriers in Potential {High-Level} Nuclear Waste Repositories},
  booktitle = {Waste Management},
  author = {Greenberg, Harris and Blink, James and Fratoni, Massimiliano and Sutton, Mark and Ross, Amber},
  month = {feb},
  year = {2012}
},

@techreport{sutton_investigations_2011,
  title = {Investigations on Repository Near Field Thermal Modeling},
  number = {LLNL-TR-491099},
  institution = {Lawrence Livermore National Laboratory},
  author = {Sutton, M. and Blink, J. and Fatoni, M. and Greenberg, H. and Ross, A.},
  month = {jul},
  year = {2011}
},

@techreport{hardin_generic_2011,
  address = {Sandia},
  title = {Generic Repository Design Concepts and Thermal Analysis  - 8.8.2011 Draft},
  number = {{FCRD-USED-2011-000143}},
  institution = {Department of Energy Office of Used Fuel Disposition},
  author = {Hardin, E and Blink, J and Greenberg, Harris and Sutton, Mark and Fratoni, Massimo and Carter, Joe and Dupont, Mark and Howard, Rob},
  month = {aug},
  year = {2011}
},

@article{carslaw_conduction_1959,
  title = {Conduction of heat in solids},
  url = {http://adsabs.harvard.edu.ezproxy.library.wisc.edu/abs/1959chs..book.....C},
  journal = {Oxford: Clarendon Press, 1959, 2nd ed.},
  author = {Carslaw, H. S and Jaeger, J. C},
  year = {1959}
} 

@misc{gaski_sindag_1987,
  title={{SINDAG}},
  institution={Network Analysis Inc.},
  howpublished={Network Analysis Inc., Tempe, AZ}
}
